{
    "result": "true",
    "data": [
        {
            "date": "1390603426",
            "price": "0.00000229",
            "amount": 5000,
            "tid": "3797993",
            "type": "sell"
        },
        {
            "date": "1390603436",
            "price": "0.00000229",
            "amount": 8215.336,
            "tid": "3797995",
            "type": "sell"
        },
        {
            "date": "1390603452",
            "price": "0.00000229",
            "amount": 629539.989,
            "tid": "3797996",
            "type": "sell"
        },
        {
            "date": "1390603462",
            "price": "0.00000229",
            "amount": 1000,
            "tid": "3797997",
            "type": "sell"
        },
        {
            "date": "1390603467",
            "price": "0.00000229",
            "amount": 24827.586,
            "tid": "3797999",
            "type": "sell"
        },
        {
            "date": "1390603467",
            "price": "0.00000229",
            "amount": 29126.637,
            "tid": "3798002",
            "type": "sell"
        },
        {
            "date": "1390603467",
            "price": "0.00000229",
            "amount": 185109.17,
            "tid": "3797998",
            "type": "sell"
        },
        {
            "date": "1390603467",
            "price": "0.00000229",
            "amount": 53362.445,
            "tid": "3798001",
            "type": "sell"
        },
        {
            "date": "1390603467",
            "price": "0.00000229",
            "amount": 52401.746,
            "tid": "3798000",
            "type": "sell"
        },
        {
            "date": "1390603467",
            "price": "0.00000228",
            "amount": 100000,
            "tid": "3798003",
            "type": "sell"
        },
        {
            "date": "1390603493",
            "price": "0.00000228",
            "amount": 570.175,
            "tid": "3798004",
            "type": "sell"
        },
        {
            "date": "1390603551",
            "price": "0.00000230",
            "amount": 1086.957,
            "tid": "3798024",
            "type": "buy"
        },
        {
            "date": "1390603551",
            "price": "0.00000228",
            "amount": 107000,
            "tid": "3798023",
            "type": "buy"
        },
        {
            "date": "1390603551",
            "price": "0.00000230",
            "amount": 100106.522,
            "tid": "3798025",
            "type": "buy"
        },
        {
            "date": "1390603555",
            "price": "0.00000228",
            "amount": 100164.098,
            "tid": "3798026",
            "type": "sell"
        },
        {
            "date": "1390603586",
            "price": "0.00000228",
            "amount": 560,
            "tid": "3798032",
            "type": "sell"
        },
        {
            "date": "1390603588",
            "price": "0.00000228",
            "amount": 560,
            "tid": "3798035",
            "type": "sell"
        },
        {
            "date": "1390603588",
            "price": "0.00000228",
            "amount": 9440,
            "tid": "3798034",
            "type": "sell"
        },
        {
            "date": "1390603612",
            "price": "0.00000228",
            "amount": 10000,
            "tid": "3798040",
            "type": "sell"
        },
        {
            "date": "1390603643",
            "price": "0.00000228",
            "amount": 133389.622,
            "tid": "3798046",
            "type": "sell"
        },
        {
            "date": "1390603659",
            "price": "0.00000228",
            "amount": 1000,
            "tid": "3798053",
            "type": "sell"
        },
        {
            "date": "1390603664",
            "price": "0.00000228",
            "amount": 1900,
            "tid": "3798062",
            "type": "sell"
        },
        {
            "date": "1390603664",
            "price": "0.00000228",
            "amount": 560,
            "tid": "3798059",
            "type": "sell"
        },
        {
            "date": "1390603732",
            "price": "0.00000229",
            "amount": 239172.868,
            "tid": "3798082",
            "type": "buy"
        },
        {
            "date": "1390603783",
            "price": "0.00000230",
            "amount": 49435.913,
            "tid": "3798110",
            "type": "buy"
        },
        {
            "date": "1390603783",
            "price": "0.00000230",
            "amount": 565.217,
            "tid": "3798109",
            "type": "buy"
        },
        {
            "date": "1390603788",
            "price": "0.00000230",
            "amount": 652.17,
            "tid": "3798113",
            "type": "buy"
        },
        {
            "date": "1390603803",
            "price": "0.00000229",
            "amount": 560,
            "tid": "3798119",
            "type": "sell"
        },
        {
            "date": "1390603808",
            "price": "0.00000229",
            "amount": 1000,
            "tid": "3798120",
            "type": "sell"
        },
        {
            "date": "1390603813",
            "price": "0.00000229",
            "amount": 560,
            "tid": "3798124",
            "type": "sell"
        },
        {
            "date": "1390603834",
            "price": "0.00000229",
            "amount": 87336.244,
            "tid": "3798131",
            "type": "sell"
        },
        {
            "date": "1390603880",
            "price": "0.00000229",
            "amount": 327509.224,
            "tid": "3798136",
            "type": "sell"
        },
        {
            "date": "1390603937",
            "price": "0.00000229",
            "amount": 200000,
            "tid": "3798143",
            "type": "sell"
        },
        {
            "date": "1390603948",
            "price": "0.00000229",
            "amount": 167704.481,
            "tid": "3798147",
            "type": "sell"
        },
        {
            "date": "1390603948",
            "price": "0.00000228",
            "amount": 246340.382,
            "tid": "3798148",
            "type": "sell"
        },
        {
            "date": "1390604065",
            "price": "0.00000228",
            "amount": 100000,
            "tid": "3798151",
            "type": "buy"
        },
        {
            "date": "1390604071",
            "price": "0.00000228",
            "amount": 20222.339,
            "tid": "3798154",
            "type": "sell"
        },
        {
            "date": "1390604113",
            "price": "0.00000228",
            "amount": 48216.849,
            "tid": "3798155",
            "type": "sell"
        },
        {
            "date": "1390604118",
            "price": "0.00000228",
            "amount": 500,
            "tid": "3798156",
            "type": "buy"
        },
        {
            "date": "1390604123",
            "price": "0.00000228",
            "amount": 6929.82,
            "tid": "3798157",
            "type": "buy"
        }
    ],
    "elapsed": "0.116ms"
}